<?xml version="1.0" encoding="UTF-8"?><collection xmlns="http://www.loc.gov/MARC21/slim"><record><leader>00470nam--2200181-u-4500</leader><controlfield tag="001">000052244</controlfield><controlfield tag="002">20161230</controlfield><controlfield tag="005">20161230201050</controlfield><controlfield tag="008">100602s1000------------r-----000-0-RUS-d</controlfield><datafield ind1=" " ind2=" " tag="040"><subfield code="a">IFIN-HH</subfield></datafield><datafield ind1=" " ind2=" " tag="041"><subfield code="a">RUS</subfield></datafield><datafield ind1=" " ind2=" " tag="080"><subfield code="a">519.2(083)</subfield></datafield><datafield ind1="1" ind2=" " tag="100"><subfield code="a">Koroliuka,V.S</subfield></datafield><datafield ind1="1" ind2="0" tag="245"><subfield code="a">Spravocinik po teorii veroiatnostei i matematiceskoi statistike</subfield><subfield code="c">V.s. koroliuka</subfield></datafield><datafield ind1=" " ind2=" " tag="260"><subfield code="a">Kiev</subfield><subfield code="b">Naukova Dumka</subfield></datafield><datafield ind1=" " ind2=" " tag="300"><subfield code="a">584P</subfield></datafield><datafield ind1=" " ind2=" " tag="852"><subfield code="a">46189</subfield><subfield code="c">519.2</subfield></datafield><datafield ind1=" " ind2=" " tag="CAT"><subfield code="a">Sys</subfield><subfield code="c">20100602</subfield><subfield code="h">133025</subfield></datafield></record></collection>